@article{finaev2005modeli,
  title={Модели систем принятия решений},
  author={Finaev, Valerij Ivanovich},
  year={2005},
  publisher={Таганрогский радиотехнический университет}
},
@article{rutkovskaya2008nejronnye,
  title={Нейронные сети, генетические алгоритмы и нечеткие системы},
  author={Rutkovskaya, Danuta and Pilin'skij, M and Rutkovskij, L},
  year={2008},
  publisher={Горячая линия-Телеком}
}